{
    "symbol": "MSFT",
    "annualReports": [
        {
            "fiscalDateEnding": "2023-06-30",
            "reportedCurrency": "USD",
            "grossProfit": "146052000000",
            "totalRevenue": "209747000000",
            "costOfRevenue": "100049000000",
            "costofGoodsAndServicesSold": "65863000000",
            "operatingIncome": "88523000000",
            "sellingGeneralAndAdministrative": "30334000000",
            "researchAndDevelopment": "27195000000",
            "operatingExpenses": "61381000000",
            "investmentIncomeNet": "2994000000",
            "netInterestIncome": "-1968000000",
            "interestIncome": "1041000000",
            "interestExpense": "1968000000",
            "nonInterestIncome": "211715000000",
            "otherNonOperatingIncome": "-223000000",
            "depreciation": "11000000000",
            "depreciationAndAmortization": "3852000000",
            "incomeBeforeTax": "89311000000",
            "incomeTaxExpense": "16950000000",
            "interestAndDebtExpense": "1968000000",
            "netIncomeFromContinuingOperations": "72361000000",
            "comprehensiveIncomeNetOfTax": "70696000000",
            "ebit": "91279000000",
            "ebitda": "95131000000",
            "netIncome": "72361000000"
        },
        {
            "fiscalDateEnding": "2022-06-30",
            "reportedCurrency": "USD",
            "grossProfit": "135620000000",
            "totalRevenue": "196109000000",
            "costOfRevenue": "93355000000",
            "costofGoodsAndServicesSold": "62650000000",
            "operatingIncome": "83383000000",
            "sellingGeneralAndAdministrative": "27725000000",
            "researchAndDevelopment": "24512000000",
            "operatingExpenses": "55217000000",
            "investmentIncomeNet": "2094000000",
            "netInterestIncome": "-2063000000",
            "interestIncome": "2094000000",
            "interestExpense": "2063000000",
            "nonInterestIncome": "198172000000",
            "otherNonOperatingIncome": "-32000000",
            "depreciation": "12600000000",
            "depreciationAndAmortization": "2980000000",
            "incomeBeforeTax": "83716000000",
            "incomeTaxExpense": "10978000000",
            "interestAndDebtExpense": "2063000000",
            "netIncomeFromContinuingOperations": "72738000000",
            "comprehensiveIncomeNetOfTax": "66238000000",
            "ebit": "85779000000",
            "ebitda": "88759000000",
            "netIncome": "72738000000"
        },
        {
            "fiscalDateEnding": "2021-06-30",
            "reportedCurrency": "USD",
            "grossProfit": "115856000000",
            "totalRevenue": "165936000000",
            "costOfRevenue": "79977000000",
            "costofGoodsAndServicesSold": "52232000000",
            "operatingIncome": "69916000000",
            "sellingGeneralAndAdministrative": "25224000000",
            "researchAndDevelopment": "20716000000",
            "operatingExpenses": "48461000000",
            "investmentIncomeNet": "2131000000",
            "netInterestIncome": "-2346000000",
            "interestIncome": "2131000000",
            "interestExpense": "2346000000",
            "nonInterestIncome": "168282000000",
            "otherNonOperatingIncome": "98000000",
            "depreciation": "9300000000",
            "depreciationAndAmortization": "2521000000",
            "incomeBeforeTax": "71102000000",
            "incomeTaxExpense": "9831000000",
            "interestAndDebtExpense": "2346000000",
            "netIncomeFromContinuingOperations": "61271000000",
            "comprehensiveIncomeNetOfTax": "59897000000",
            "ebit": "73448000000",
            "ebitda": "75969000000",
            "netIncome": "61271000000"
        },
        {
            "fiscalDateEnding": "2020-06-30",
            "reportedCurrency": "USD",
            "grossProfit": "96937000000",
            "totalRevenue": "140503000000",
            "costOfRevenue": "73159000000",
            "costofGoodsAndServicesSold": "46078000000",
            "operatingIncome": "52959000000",
            "sellingGeneralAndAdministrative": "24709000000",
            "researchAndDevelopment": "19269000000",
            "operatingExpenses": "46350000000",
            "investmentIncomeNet": "2680000000",
            "netInterestIncome": "-2591000000",
            "interestIncome": "2680000000",
            "interestExpense": "2591000000",
            "nonInterestIncome": "143094000000",
            "otherNonOperatingIncome": "-40000000",
            "depreciation": "10700000000",
            "depreciationAndAmortization": "2211000000",
            "incomeBeforeTax": "53036000000",
            "incomeTaxExpense": "8755000000",
            "interestAndDebtExpense": "2591000000",
            "netIncomeFromContinuingOperations": "44281000000",
            "comprehensiveIncomeNetOfTax": "47807000000",
            "ebit": "55627000000",
            "ebitda": "57838000000",
            "netIncome": "44281000000"
        },
        {
            "fiscalDateEnding": "2019-06-30",
            "reportedCurrency": "USD",
            "grossProfit": "82933000000",
            "totalRevenue": "123495000000",
            "costOfRevenue": "67908000000",
            "costofGoodsAndServicesSold": "42910000000",
            "operatingIncome": "42959000000",
            "sellingGeneralAndAdministrative": "23098000000",
            "researchAndDevelopment": "16876000000",
            "operatingExpenses": "41874000000",
            "investmentIncomeNet": "2762000000",
            "netInterestIncome": "-2686000000",
            "interestIncome": "812000000",
            "interestExpense": "2686000000",
            "nonInterestIncome": "126181000000",
            "otherNonOperatingIncome": "-57000000",
            "depreciation": "9700000000",
            "depreciationAndAmortization": "1900000000",
            "incomeBeforeTax": "43688000000",
            "incomeTaxExpense": "4448000000",
            "interestAndDebtExpense": "2686000000",
            "netIncomeFromContinuingOperations": "39240000000",
            "comprehensiveIncomeNetOfTax": "41154000000",
            "ebit": "46374000000",
            "ebitda": "48274000000",
            "netIncome": "39240000000"
        }
    ],
    "quarterlyReports": [
        {
            "fiscalDateEnding": "2023-06-30",
            "reportedCurrency": "USD",
            "grossProfit": "39394000000",
            "totalRevenue": "55659000000",
            "costOfRevenue": "26154000000",
            "costofGoodsAndServicesSold": "16795000000",
            "operatingIncome": "24254000000",
            "sellingGeneralAndAdministrative": "8401000000",
            "researchAndDevelopment": "6739000000",
            "operatingExpenses": "16098000000",
            "investmentIncomeNet": "905000000",
            "netInterestIncome": "-482000000",
            "interestIncome": "535000000",
            "interestExpense": "482000000",
            "nonInterestIncome": "56141000000",
            "otherNonOperatingIncome": "-61000000",
            "depreciation": "None",
            "depreciationAndAmortization": "958000000",
            "incomeBeforeTax": "24727000000",
            "incomeTaxExpense": "4646000000",
            "interestAndDebtExpense": "482000000",
            "netIncomeFromContinuingOperations": "20081000000",
            "comprehensiveIncomeNetOfTax": "19382000000",
            "ebit": "25209000000",
            "ebitda": "26167000000",
            "netIncome": "20081000000"
        },
        {
            "fiscalDateEnding": "2023-03-31",
            "reportedCurrency": "USD",
            "grossProfit": "36729000000",
            "totalRevenue": "52405000000",
            "costOfRevenue": "24481000000",
            "costofGoodsAndServicesSold": "16128000000",
            "operatingIncome": "22352000000",
            "sellingGeneralAndAdministrative": "7393000000",
            "researchAndDevelopment": "6984000000",
            "operatingExpenses": "15337000000",
            "investmentIncomeNet": "748000000",
            "netInterestIncome": "-496000000",
            "interestIncome": "748000000",
            "interestExpense": "496000000",
            "nonInterestIncome": "52901000000",
            "otherNonOperatingIncome": "-93000000",
            "depreciation": "None",
            "depreciationAndAmortization": "960000000",
            "incomeBeforeTax": "22673000000",
            "incomeTaxExpense": "4374000000",
            "interestAndDebtExpense": "496000000",
            "netIncomeFromContinuingOperations": "18299000000",
            "comprehensiveIncomeNetOfTax": "19112000000",
            "ebit": "23169000000",
            "ebitda": "24129000000",
            "netIncome": "18299000000"
        },
        {
            "fiscalDateEnding": "2022-12-31",
            "reportedCurrency": "USD",
            "grossProfit": "35259000000",
            "totalRevenue": "52032000000",
            "costOfRevenue": "27393000000",
            "costofGoodsAndServicesSold": "17488000000",
            "operatingIncome": "20399000000",
            "sellingGeneralAndAdministrative": "8016000000",
            "researchAndDevelopment": "6844000000",
            "operatingExpenses": "16749000000",
            "investmentIncomeNet": "700000000",
            "netInterestIncome": "-490000000",
            "interestIncome": "18000000",
            "interestExpense": "490000000",
            "nonInterestIncome": "52522000000",
            "otherNonOperatingIncome": "-38000000",
            "depreciation": "None",
            "depreciationAndAmortization": "1089000000",
            "incomeBeforeTax": "20339000000",
            "incomeTaxExpense": "3914000000",
            "interestAndDebtExpense": "490000000",
            "netIncomeFromContinuingOperations": "16425000000",
            "comprehensiveIncomeNetOfTax": "17311000000",
            "ebit": "20829000000",
            "ebitda": "21918000000",
            "netIncome": "16425000000"
        },
        {
            "fiscalDateEnding": "2022-09-30",
            "reportedCurrency": "USD",
            "grossProfit": "34670000000",
            "totalRevenue": "49636000000",
            "costOfRevenue": "22798000000",
            "costofGoodsAndServicesSold": "15452000000",
            "operatingIncome": "21518000000",
            "sellingGeneralAndAdministrative": "6524000000",
            "researchAndDevelopment": "6628000000",
            "operatingExpenses": "13974000000",
            "investmentIncomeNet": "641000000",
            "netInterestIncome": "-500000000",
            "interestIncome": "110000000",
            "interestExpense": "500000000",
            "nonInterestIncome": "50136000000",
            "otherNonOperatingIncome": "-31000000",
            "depreciation": "None",
            "depreciationAndAmortization": "822000000",
            "incomeBeforeTax": "21572000000",
            "incomeTaxExpense": "4016000000",
            "interestAndDebtExpense": "500000000",
            "netIncomeFromContinuingOperations": "17556000000",
            "comprehensiveIncomeNetOfTax": "14891000000",
            "ebit": "22072000000",
            "ebitda": "22894000000",
            "netIncome": "17556000000"
        },
        {
            "fiscalDateEnding": "2022-06-30",
            "reportedCurrency": "USD",
            "grossProfit": "35436000000",
            "totalRevenue": "51406000000",
            "costOfRevenue": "25283000000",
            "costofGoodsAndServicesSold": "16429000000",
            "operatingIncome": "20534000000",
            "sellingGeneralAndAdministrative": "8053000000",
            "researchAndDevelopment": "6849000000",
            "operatingExpenses": "15703000000",
            "investmentIncomeNet": "552000000",
            "netInterestIncome": "-496000000",
            "interestIncome": "552000000",
            "interestExpense": "496000000",
            "nonInterestIncome": "51902000000",
            "otherNonOperatingIncome": "-23000000",
            "depreciation": "None",
            "depreciationAndAmortization": "801000000",
            "incomeBeforeTax": "20487000000",
            "incomeTaxExpense": "3747000000",
            "interestAndDebtExpense": "496000000",
            "netIncomeFromContinuingOperations": "16740000000",
            "comprehensiveIncomeNetOfTax": "14538000000",
            "ebit": "20983000000",
            "ebitda": "21784000000",
            "netIncome": "16740000000"
        },
        {
            "fiscalDateEnding": "2022-03-31",
            "reportedCurrency": "USD",
            "grossProfit": "33745000000",
            "totalRevenue": "48732000000",
            "costOfRevenue": "23481000000",
            "costofGoodsAndServicesSold": "15615000000",
            "operatingIncome": "20364000000",
            "sellingGeneralAndAdministrative": "7075000000",
            "researchAndDevelopment": "6306000000",
            "operatingExpenses": "14172000000",
            "investmentIncomeNet": "519000000",
            "netInterestIncome": "-503000000",
            "interestIncome": "519000000",
            "interestExpense": "503000000",
            "nonInterestIncome": "49235000000",
            "otherNonOperatingIncome": "-11000000",
            "depreciation": "None",
            "depreciationAndAmortization": "791000000",
            "incomeBeforeTax": "20190000000",
            "incomeTaxExpense": "3462000000",
            "interestAndDebtExpense": "503000000",
            "netIncomeFromContinuingOperations": "16728000000",
            "comprehensiveIncomeNetOfTax": "13815000000",
            "ebit": "20693000000",
            "ebitda": "21484000000",
            "netIncome": "16728000000"
        },
        {
            "fiscalDateEnding": "2021-12-31",
            "reportedCurrency": "USD",
            "grossProfit": "34768000000",
            "totalRevenue": "51228000000",
            "costOfRevenue": "24433000000",
            "costofGoodsAndServicesSold": "16960000000",
            "operatingIncome": "22247000000",
            "sellingGeneralAndAdministrative": "6763000000",
            "researchAndDevelopment": "5758000000",
            "operatingExpenses": "13231000000",
            "investmentIncomeNet": "503000000",
            "netInterestIncome": "-525000000",
            "interestIncome": "503000000",
            "interestExpense": "525000000",
            "nonInterestIncome": "51753000000",
            "otherNonOperatingIncome": "-4000000",
            "depreciation": "None",
            "depreciationAndAmortization": "710000000",
            "incomeBeforeTax": "22515000000",
            "incomeTaxExpense": "3750000000",
            "interestAndDebtExpense": "525000000",
            "netIncomeFromContinuingOperations": "18765000000",
            "comprehensiveIncomeNetOfTax": "17919000000",
            "ebit": "23040000000",
            "ebitda": "23750000000",
            "netIncome": "18765000000"
        },
        {
            "fiscalDateEnding": "2021-09-30",
            "reportedCurrency": "USD",
            "grossProfit": "31671000000",
            "totalRevenue": "44743000000",
            "costOfRevenue": "20145000000",
            "costofGoodsAndServicesSold": "13646000000",
            "operatingIncome": "20238000000",
            "sellingGeneralAndAdministrative": "5834000000",
            "researchAndDevelopment": "5599000000",
            "operatingExpenses": "12098000000",
            "investmentIncomeNet": "520000000",
            "netInterestIncome": "-539000000",
            "interestIncome": "520000000",
            "interestExpense": "539000000",
            "nonInterestIncome": "45282000000",
            "otherNonOperatingIncome": "6000000",
            "depreciation": "None",
            "depreciationAndAmortization": "665000000",
            "incomeBeforeTax": "20524000000",
            "incomeTaxExpense": "19000000",
            "interestAndDebtExpense": "539000000",
            "netIncomeFromContinuingOperations": "20505000000",
            "comprehensiveIncomeNetOfTax": "19966000000",
            "ebit": "21063000000",
            "ebitda": "21728000000",
            "netIncome": "20505000000"
        },
        {
            "fiscalDateEnding": "2021-06-30",
            "reportedCurrency": "USD",
            "grossProfit": "32161000000",
            "totalRevenue": "45595000000",
            "costOfRevenue": "22025000000",
            "costofGoodsAndServicesSold": "13991000000",
            "operatingIncome": "19095000000",
            "sellingGeneralAndAdministrative": "7379000000",
            "researchAndDevelopment": "5687000000",
            "operatingExpenses": "13721000000",
            "investmentIncomeNet": "497000000",
            "netInterestIncome": "-553000000",
            "interestIncome": "497000000",
            "interestExpense": "553000000",
            "nonInterestIncome": "46148000000",
            "otherNonOperatingIncome": "22000000",
            "depreciation": "None",
            "depreciationAndAmortization": "655000000",
            "incomeBeforeTax": "19405000000",
            "incomeTaxExpense": "2947000000",
            "interestAndDebtExpense": "553000000",
            "netIncomeFromContinuingOperations": "16458000000",
            "comprehensiveIncomeNetOfTax": "16818000000",
            "ebit": "19958000000",
            "ebitda": "20613000000",
            "netIncome": "16458000000"
        },
        {
            "fiscalDateEnding": "2021-03-31",
            "reportedCurrency": "USD",
            "grossProfit": "28661000000",
            "totalRevenue": "41059000000",
            "costOfRevenue": "20070000000",
            "costofGoodsAndServicesSold": "13045000000",
            "operatingIncome": "17048000000",
            "sellingGeneralAndAdministrative": "6409000000",
            "researchAndDevelopment": "5204000000",
            "operatingExpenses": "12229000000",
            "investmentIncomeNet": "519000000",
            "netInterestIncome": "-633000000",
            "interestIncome": "519000000",
            "interestExpense": "633000000",
            "nonInterestIncome": "41692000000",
            "otherNonOperatingIncome": "6000000",
            "depreciation": "None",
            "depreciationAndAmortization": "616000000",
            "incomeBeforeTax": "17236000000",
            "incomeTaxExpense": "1779000000",
            "interestAndDebtExpense": "633000000",
            "netIncomeFromContinuingOperations": "15457000000",
            "comprehensiveIncomeNetOfTax": "13552000000",
            "ebit": "17869000000",
            "ebitda": "18485000000",
            "netIncome": "15457000000"
        },
        {
            "fiscalDateEnding": "2020-12-31",
            "reportedCurrency": "USD",
            "grossProfit": "28882000000",
            "totalRevenue": "42558000000",
            "costOfRevenue": "20907000000",
            "costofGoodsAndServicesSold": "14194000000",
            "operatingIncome": "17897000000",
            "sellingGeneralAndAdministrative": "6086000000",
            "researchAndDevelopment": "4899000000",
            "operatingExpenses": "11612000000",
            "investmentIncomeNet": "545000000",
            "netInterestIncome": "-571000000",
            "interestIncome": "545000000",
            "interestExpense": "571000000",
            "nonInterestIncome": "43129000000",
            "otherNonOperatingIncome": "70000000",
            "depreciation": "None",
            "depreciationAndAmortization": "627000000",
            "incomeBeforeTax": "18337000000",
            "incomeTaxExpense": "2874000000",
            "interestAndDebtExpense": "571000000",
            "netIncomeFromContinuingOperations": "15463000000",
            "comprehensiveIncomeNetOfTax": "15720000000",
            "ebit": "18908000000",
            "ebitda": "19535000000",
            "netIncome": "15463000000"
        },
        {
            "fiscalDateEnding": "2020-09-30",
            "reportedCurrency": "USD",
            "grossProfit": "26152000000",
            "totalRevenue": "36724000000",
            "costOfRevenue": "16941000000",
            "costofGoodsAndServicesSold": "11002000000",
            "operatingIncome": "15876000000",
            "sellingGeneralAndAdministrative": "5350000000",
            "researchAndDevelopment": "4926000000",
            "operatingExpenses": "10865000000",
            "investmentIncomeNet": "570000000",
            "netInterestIncome": "-589000000",
            "interestIncome": "None",
            "interestExpense": "589000000",
            "nonInterestIncome": "37313000000",
            "otherNonOperatingIncome": "0",
            "depreciation": "None",
            "depreciationAndAmortization": "589000000",
            "incomeBeforeTax": "16124000000",
            "incomeTaxExpense": "2231000000",
            "interestAndDebtExpense": "589000000",
            "netIncomeFromContinuingOperations": "13893000000",
            "comprehensiveIncomeNetOfTax": "13807000000",
            "ebit": "16713000000",
            "ebitda": "17302000000",
            "netIncome": "13893000000"
        },
        {
            "fiscalDateEnding": "2020-06-30",
            "reportedCurrency": "USD",
            "grossProfit": "25694000000",
            "totalRevenue": "38033000000",
            "costOfRevenue": "20161000000",
            "costofGoodsAndServicesSold": "12339000000",
            "operatingIncome": "13407000000",
            "sellingGeneralAndAdministrative": "7073000000",
            "researchAndDevelopment": "5214000000",
            "operatingExpenses": "13036000000",
            "investmentIncomeNet": "595000000",
            "netInterestIncome": "-686000000",
            "interestIncome": "None",
            "interestExpense": "686000000",
            "nonInterestIncome": "38033000000",
            "otherNonOperatingIncome": "0",
            "depreciation": "None",
            "depreciationAndAmortization": "588000000",
            "incomeBeforeTax": "13422000000",
            "incomeTaxExpense": "2220000000",
            "interestAndDebtExpense": "686000000",
            "netIncomeFromContinuingOperations": "13407000000",
            "comprehensiveIncomeNetOfTax": "11712000000",
            "ebit": "14108000000",
            "ebitda": "14696000000",
            "netIncome": "11202000000"
        },
        {
            "fiscalDateEnding": "2020-03-31",
            "reportedCurrency": "USD",
            "grossProfit": "24046000000",
            "totalRevenue": "34315000000",
            "costOfRevenue": "17650000000",
            "costofGoodsAndServicesSold": "10975000000",
            "operatingIncome": "12975000000",
            "sellingGeneralAndAdministrative": "6184000000",
            "researchAndDevelopment": "4887000000",
            "operatingExpenses": "11562000000",
            "investmentIncomeNet": "673000000",
            "netInterestIncome": "-614000000",
            "interestIncome": "153000000",
            "interestExpense": "614000000",
            "nonInterestIncome": "34929000000",
            "otherNonOperatingIncome": "-3000000",
            "depreciation": "None",
            "depreciationAndAmortization": "491000000",
            "incomeBeforeTax": "12843000000",
            "incomeTaxExpense": "2091000000",
            "interestAndDebtExpense": "614000000",
            "netIncomeFromContinuingOperations": "10752000000",
            "comprehensiveIncomeNetOfTax": "13683000000",
            "ebit": "13457000000",
            "ebitda": "13948000000",
            "netIncome": "10752000000"
        },
        {
            "fiscalDateEnding": "2019-12-31",
            "reportedCurrency": "USD",
            "grossProfit": "24548000000",
            "totalRevenue": "36322000000",
            "costOfRevenue": "18986000000",
            "costofGoodsAndServicesSold": "12358000000",
            "operatingIncome": "13891000000",
            "sellingGeneralAndAdministrative": "6054000000",
            "researchAndDevelopment": "4603000000",
            "operatingExpenses": "11231000000",
            "investmentIncomeNet": "688000000",
            "netInterestIncome": "-654000000",
            "interestIncome": "281000000",
            "interestExpense": "654000000",
            "nonInterestIncome": "36976000000",
            "otherNonOperatingIncome": "-19000000",
            "depreciation": "None",
            "depreciationAndAmortization": "574000000",
            "incomeBeforeTax": "14085000000",
            "incomeTaxExpense": "2436000000",
            "interestAndDebtExpense": "654000000",
            "netIncomeFromContinuingOperations": "11649000000",
            "comprehensiveIncomeNetOfTax": "11455000000",
            "ebit": "14739000000",
            "ebitda": "15313000000",
            "netIncome": "11649000000"
        },
        {
            "fiscalDateEnding": "2019-09-30",
            "reportedCurrency": "USD",
            "grossProfit": "22649000000",
            "totalRevenue": "32428000000",
            "costOfRevenue": "16363000000",
            "costofGoodsAndServicesSold": "10406000000",
            "operatingIncome": "12686000000",
            "sellingGeneralAndAdministrative": "5398000000",
            "researchAndDevelopment": "4565000000",
            "operatingExpenses": "10522000000",
            "investmentIncomeNet": "724000000",
            "netInterestIncome": "-637000000",
            "interestIncome": "139000000",
            "interestExpense": "637000000",
            "nonInterestIncome": "33065000000",
            "otherNonOperatingIncome": "-18000000",
            "depreciation": "None",
            "depreciationAndAmortization": "559000000",
            "incomeBeforeTax": "12686000000",
            "incomeTaxExpense": "2008000000",
            "interestAndDebtExpense": "637000000",
            "netIncomeFromContinuingOperations": "10678000000",
            "comprehensiveIncomeNetOfTax": "10957000000",
            "ebit": "13323000000",
            "ebitda": "13882000000",
            "netIncome": "10678000000"
        },
        {
            "fiscalDateEnding": "2019-06-30",
            "reportedCurrency": "USD",
            "grossProfit": "23305000000",
            "totalRevenue": "33717000000",
            "costOfRevenue": "17199000000",
            "costofGoodsAndServicesSold": "10412000000",
            "operatingIncome": "12405000000",
            "sellingGeneralAndAdministrative": "6387000000",
            "researchAndDevelopment": "4513000000",
            "operatingExpenses": "11300000000",
            "investmentIncomeNet": "709000000",
            "netInterestIncome": "-669000000",
            "interestIncome": "321000000",
            "interestExpense": "669000000",
            "nonInterestIncome": "33717000000",
            "otherNonOperatingIncome": "-121000000",
            "depreciation": "None",
            "depreciationAndAmortization": "400000000",
            "incomeBeforeTax": "12596000000",
            "incomeTaxExpense": "-591000000",
            "interestAndDebtExpense": "669000000",
            "netIncomeFromContinuingOperations": "12405000000",
            "comprehensiveIncomeNetOfTax": "14112000000",
            "ebit": "13265000000",
            "ebitda": "13665000000",
            "netIncome": "13187000000"
        },
        {
            "fiscalDateEnding": "2019-03-31",
            "reportedCurrency": "USD",
            "grossProfit": "20401000000",
            "totalRevenue": "29993000000",
            "costOfRevenue": "16345000000",
            "costofGoodsAndServicesSold": "10170000000",
            "operatingIncome": "10341000000",
            "sellingGeneralAndAdministrative": "5744000000",
            "researchAndDevelopment": "4316000000",
            "operatingExpenses": "10491000000",
            "investmentIncomeNet": "668000000",
            "netInterestIncome": "-671000000",
            "interestIncome": "None",
            "interestExpense": "671000000",
            "nonInterestIncome": "30664000000",
            "otherNonOperatingIncome": "16000000",
            "depreciation": "None",
            "depreciationAndAmortization": "431000000",
            "incomeBeforeTax": "10486000000",
            "incomeTaxExpense": "1677000000",
            "interestAndDebtExpense": "671000000",
            "netIncomeFromContinuingOperations": "8809000000",
            "comprehensiveIncomeNetOfTax": "9557000000",
            "ebit": "11157000000",
            "ebitda": "11588000000",
            "netIncome": "8809000000"
        },
        {
            "fiscalDateEnding": "2018-12-31",
            "reportedCurrency": "USD",
            "grossProfit": "20048000000",
            "totalRevenue": "31796000000",
            "costOfRevenue": "18673000000",
            "costofGoodsAndServicesSold": "12423000000",
            "operatingIncome": "10258000000",
            "sellingGeneralAndAdministrative": "5720000000",
            "researchAndDevelopment": "4070000000",
            "operatingExpenses": "10320000000",
            "investmentIncomeNet": "704000000",
            "netInterestIncome": "-672000000",
            "interestIncome": "None",
            "interestExpense": "672000000",
            "nonInterestIncome": "32468000000",
            "otherNonOperatingIncome": "34000000",
            "depreciation": "None",
            "depreciationAndAmortization": "530000000",
            "incomeBeforeTax": "10385000000",
            "incomeTaxExpense": "1965000000",
            "interestAndDebtExpense": "672000000",
            "netIncomeFromContinuingOperations": "8420000000",
            "comprehensiveIncomeNetOfTax": "9022000000",
            "ebit": "11057000000",
            "ebitda": "11587000000",
            "netIncome": "8420000000"
        },
        {
            "fiscalDateEnding": "2018-09-30",
            "reportedCurrency": "USD",
            "grossProfit": "19179000000",
            "totalRevenue": "28615000000",
            "costOfRevenue": "15708000000",
            "costofGoodsAndServicesSold": "9905000000",
            "operatingIncome": "9955000000",
            "sellingGeneralAndAdministrative": "5247000000",
            "researchAndDevelopment": "3977000000",
            "operatingExpenses": "9780000000",
            "investmentIncomeNet": "681000000",
            "netInterestIncome": "-674000000",
            "interestIncome": "None",
            "interestExpense": "674000000",
            "nonInterestIncome": "29289000000",
            "otherNonOperatingIncome": "14000000",
            "depreciation": "None",
            "depreciationAndAmortization": "556000000",
            "incomeBeforeTax": "10221000000",
            "incomeTaxExpense": "1397000000",
            "interestAndDebtExpense": "674000000",
            "netIncomeFromContinuingOperations": "8824000000",
            "comprehensiveIncomeNetOfTax": "8463000000",
            "ebit": "10895000000",
            "ebitda": "11451000000",
            "netIncome": "8824000000"
        }
    ]
}