{
    "symbol": "CE",
    "annualReports": [
        {
            "fiscalDateEnding": "2022-12-31",
            "reportedCurrency": "USD",
            "grossProfit": "2380000000",
            "totalRevenue": "9349000000",
            "costOfRevenue": "8212000000",
            "costofGoodsAndServicesSold": "7293000000",
            "operatingIncome": "1378000000",
            "sellingGeneralAndAdministrative": "824000000",
            "researchAndDevelopment": "112000000",
            "operatingExpenses": "1023000000",
            "investmentIncomeNet": "202000000",
            "netInterestIncome": "-405000000",
            "interestIncome": "69000000",
            "interestExpense": "405000000",
            "nonInterestIncome": "9680000000",
            "otherNonOperatingIncome": "9000000",
            "depreciation": "399000000",
            "depreciationAndAmortization": "81000000",
            "incomeBeforeTax": "1405000000",
            "incomeTaxExpense": "-489000000",
            "interestAndDebtExpense": "405000000",
            "netIncomeFromContinuingOperations": "1902000000",
            "comprehensiveIncomeNetOfTax": "1705000000",
            "ebit": "1810000000",
            "ebitda": "1891000000",
            "netIncome": "1894000000"
        },
        {
            "fiscalDateEnding": "2021-12-31",
            "reportedCurrency": "USD",
            "grossProfit": "2682000000",
            "totalRevenue": "8518000000",
            "costOfRevenue": "6534000000",
            "costofGoodsAndServicesSold": "5855000000",
            "operatingIncome": "1946000000",
            "sellingGeneralAndAdministrative": "633000000",
            "researchAndDevelopment": "86000000",
            "operatingExpenses": "760000000",
            "investmentIncomeNet": "155000000",
            "netInterestIncome": "-91000000",
            "interestIncome": "201000000",
            "interestExpense": "91000000",
            "nonInterestIncome": "8535000000",
            "otherNonOperatingIncome": "-5000000",
            "depreciation": "346000000",
            "depreciationAndAmortization": "44000000",
            "incomeBeforeTax": "2220000000",
            "incomeTaxExpense": "330000000",
            "interestAndDebtExpense": "100000000",
            "netIncomeFromContinuingOperations": "1912000000",
            "comprehensiveIncomeNetOfTax": "1889000000",
            "ebit": "2311000000",
            "ebitda": "2355000000",
            "netIncome": "1890000000"
        },
        {
            "fiscalDateEnding": "2020-12-31",
            "reportedCurrency": "USD",
            "grossProfit": "1293000000",
            "totalRevenue": "5580000000",
            "costOfRevenue": "4915000000",
            "costofGoodsAndServicesSold": "4362000000",
            "operatingIncome": "664000000",
            "sellingGeneralAndAdministrative": "482000000",
            "researchAndDevelopment": "74000000",
            "operatingExpenses": "624000000",
            "investmentIncomeNet": "132000000",
            "netInterestIncome": "-109000000",
            "interestIncome": "157000000",
            "interestExpense": "109000000",
            "nonInterestIncome": "5647000000",
            "otherNonOperatingIncome": "5000000",
            "depreciation": "327000000",
            "depreciationAndAmortization": "40000000",
            "incomeBeforeTax": "2232000000",
            "incomeTaxExpense": "247000000",
            "interestAndDebtExpense": "109000000",
            "netIncomeFromContinuingOperations": "1997000000",
            "comprehensiveIncomeNetOfTax": "1957000000",
            "ebit": "2341000000",
            "ebitda": "2381000000",
            "netIncome": "1985000000"
        },
        {
            "fiscalDateEnding": "2019-12-31",
            "reportedCurrency": "USD",
            "grossProfit": "1606000000",
            "totalRevenue": "6284000000",
            "costOfRevenue": "5300000000",
            "costofGoodsAndServicesSold": "4691000000",
            "operatingIncome": "834000000",
            "sellingGeneralAndAdministrative": "483000000",
            "researchAndDevelopment": "67000000",
            "operatingExpenses": "683000000",
            "investmentIncomeNet": "119000000",
            "netInterestIncome": "-115000000",
            "interestIncome": "6000000",
            "interestExpense": "115000000",
            "nonInterestIncome": "6297000000",
            "otherNonOperatingIncome": "-8000000",
            "depreciation": "327000000",
            "depreciationAndAmortization": "43000000",
            "incomeBeforeTax": "976000000",
            "incomeTaxExpense": "124000000",
            "interestAndDebtExpense": "119000000",
            "netIncomeFromContinuingOperations": "858000000",
            "comprehensiveIncomeNetOfTax": "799000000",
            "ebit": "1091000000",
            "ebitda": "1134000000",
            "netIncome": "852000000"
        },
        {
            "fiscalDateEnding": "2018-12-31",
            "reportedCurrency": "USD",
            "grossProfit": "1972000000",
            "totalRevenue": "7139000000",
            "costOfRevenue": "5753000000",
            "costofGoodsAndServicesSold": "5183000000",
            "operatingIncome": "1334000000",
            "sellingGeneralAndAdministrative": "546000000",
            "researchAndDevelopment": "72000000",
            "operatingExpenses": "649000000",
            "investmentIncomeNet": "123000000",
            "netInterestIncome": "-125000000",
            "interestIncome": "6000000",
            "interestExpense": "125000000",
            "nonInterestIncome": "7147000000",
            "otherNonOperatingIncome": "8000000",
            "depreciation": "319000000",
            "depreciationAndAmortization": "24000000",
            "incomeBeforeTax": "1499000000",
            "incomeTaxExpense": "292000000",
            "interestAndDebtExpense": "126000000",
            "netIncomeFromContinuingOperations": "1212000000",
            "comprehensiveIncomeNetOfTax": "1137000000",
            "ebit": "1624000000",
            "ebitda": "1648000000",
            "netIncome": "1207000000"
        }
    ],
    "quarterlyReports": [
        {
            "fiscalDateEnding": "2023-03-31",
            "reportedCurrency": "USD",
            "grossProfit": "631000000",
            "totalRevenue": "2683000000",
            "costOfRevenue": "2571000000",
            "costofGoodsAndServicesSold": "2222000000",
            "operatingIncome": "251000000",
            "sellingGeneralAndAdministrative": "285000000",
            "researchAndDevelopment": "42000000",
            "operatingExpenses": "385000000",
            "investmentIncomeNet": "42000000",
            "netInterestIncome": "-182000000",
            "interestIncome": "None",
            "interestExpense": "182000000",
            "nonInterestIncome": "2865000000",
            "otherNonOperatingIncome": "-6000000",
            "depreciation": "None",
            "depreciationAndAmortization": "41000000",
            "incomeBeforeTax": "116000000",
            "incomeTaxExpense": "25000000",
            "interestAndDebtExpense": "182000000",
            "netIncomeFromContinuingOperations": "94000000",
            "comprehensiveIncomeNetOfTax": "107000000",
            "ebit": "298000000",
            "ebitda": "339000000",
            "netIncome": "91000000"
        },
        {
            "fiscalDateEnding": "2022-12-31",
            "reportedCurrency": "USD",
            "grossProfit": "384000000",
            "totalRevenue": "2259000000",
            "costOfRevenue": "2281000000",
            "costofGoodsAndServicesSold": "1964000000",
            "operatingIncome": "56000000",
            "sellingGeneralAndAdministrative": "269000000",
            "researchAndDevelopment": "37000000",
            "operatingExpenses": "352000000",
            "investmentIncomeNet": "63000000",
            "netInterestIncome": "-168000000",
            "interestIncome": "33000000",
            "interestExpense": "168000000",
            "nonInterestIncome": "2353000000",
            "otherNonOperatingIncome": "5000000",
            "depreciation": "None",
            "depreciationAndAmortization": "49000000",
            "incomeBeforeTax": "-73000000",
            "incomeTaxExpense": "-840000000",
            "interestAndDebtExpense": "168000000",
            "netIncomeFromContinuingOperations": "768000000",
            "comprehensiveIncomeNetOfTax": "747000000",
            "ebit": "95000000",
            "ebitda": "144000000",
            "netIncome": "767000000"
        },
        {
            "fiscalDateEnding": "2022-09-30",
            "reportedCurrency": "USD",
            "grossProfit": "546000000",
            "totalRevenue": "2143000000",
            "costOfRevenue": "1964000000",
            "costofGoodsAndServicesSold": "1755000000",
            "operatingIncome": "308000000",
            "sellingGeneralAndAdministrative": "184000000",
            "researchAndDevelopment": "25000000",
            "operatingExpenses": "236000000",
            "investmentIncomeNet": "64000000",
            "netInterestIncome": "-154000000",
            "interestIncome": "34000000",
            "interestExpense": "154000000",
            "nonInterestIncome": "2297000000",
            "otherNonOperatingIncome": "5000000",
            "depreciation": "None",
            "depreciationAndAmortization": "10000000",
            "incomeBeforeTax": "318000000",
            "incomeTaxExpense": "127000000",
            "interestAndDebtExpense": "154000000",
            "netIncomeFromContinuingOperations": "192000000",
            "comprehensiveIncomeNetOfTax": "131000000",
            "ebit": "472000000",
            "ebitda": "482000000",
            "netIncome": "191000000"
        },
        {
            "fiscalDateEnding": "2022-06-30",
            "reportedCurrency": "USD",
            "grossProfit": "705000000",
            "totalRevenue": "2449000000",
            "costOfRevenue": "1989000000",
            "costofGoodsAndServicesSold": "1781000000",
            "operatingIncome": "483000000",
            "sellingGeneralAndAdministrative": "197000000",
            "researchAndDevelopment": "26000000",
            "operatingExpenses": "222000000",
            "investmentIncomeNet": "37000000",
            "netInterestIncome": "-48000000",
            "interestIncome": "1000000",
            "interestExpense": "48000000",
            "nonInterestIncome": "2497000000",
            "otherNonOperatingIncome": "-3000000",
            "depreciation": "None",
            "depreciationAndAmortization": "11000000",
            "incomeBeforeTax": "546000000",
            "incomeTaxExpense": "112000000",
            "interestAndDebtExpense": "48000000",
            "netIncomeFromContinuingOperations": "440000000",
            "comprehensiveIncomeNetOfTax": "329000000",
            "ebit": "594000000",
            "ebitda": "605000000",
            "netIncome": "434000000"
        },
        {
            "fiscalDateEnding": "2022-03-31",
            "reportedCurrency": "USD",
            "grossProfit": "745000000",
            "totalRevenue": "2499000000",
            "costOfRevenue": "1978000000",
            "costofGoodsAndServicesSold": "1793000000",
            "operatingIncome": "531000000",
            "sellingGeneralAndAdministrative": "174000000",
            "researchAndDevelopment": "24000000",
            "operatingExpenses": "212000000",
            "investmentIncomeNet": "38000000",
            "netInterestIncome": "-35000000",
            "interestIncome": "1000000",
            "interestExpense": "35000000",
            "nonInterestIncome": "2534000000",
            "otherNonOperatingIncome": "2000000",
            "depreciation": "None",
            "depreciationAndAmortization": "11000000",
            "incomeBeforeTax": "614000000",
            "incomeTaxExpense": "112000000",
            "interestAndDebtExpense": "35000000",
            "netIncomeFromContinuingOperations": "502000000",
            "comprehensiveIncomeNetOfTax": "498000000",
            "ebit": "649000000",
            "ebitda": "660000000",
            "netIncome": "502000000"
        },
        {
            "fiscalDateEnding": "2021-12-31",
            "reportedCurrency": "USD",
            "grossProfit": "721000000",
            "totalRevenue": "2326000000",
            "costOfRevenue": "1746000000",
            "costofGoodsAndServicesSold": "1554000000",
            "operatingIncome": "517000000",
            "sellingGeneralAndAdministrative": "170000000",
            "researchAndDevelopment": "23000000",
            "operatingExpenses": "217000000",
            "investmentIncomeNet": "34000000",
            "netInterestIncome": "-21000000",
            "interestIncome": "49000000",
            "interestExpense": "21000000",
            "nonInterestIncome": "2273000000",
            "otherNonOperatingIncome": "-2000000",
            "depreciation": "None",
            "depreciationAndAmortization": "27000000",
            "incomeBeforeTax": "551000000",
            "incomeTaxExpense": "27000000",
            "interestAndDebtExpense": "21000000",
            "netIncomeFromContinuingOperations": "528000000",
            "comprehensiveIncomeNetOfTax": "523000000",
            "ebit": "572000000",
            "ebitda": "599000000",
            "netIncome": "524000000"
        },
        {
            "fiscalDateEnding": "2021-09-30",
            "reportedCurrency": "USD",
            "grossProfit": "715000000",
            "totalRevenue": "2249000000",
            "costOfRevenue": "1723000000",
            "costofGoodsAndServicesSold": "1551000000",
            "operatingIncome": "536000000",
            "sellingGeneralAndAdministrative": "165000000",
            "researchAndDevelopment": "21000000",
            "operatingExpenses": "182000000",
            "investmentIncomeNet": "37000000",
            "netInterestIncome": "-21000000",
            "interestIncome": "2000000",
            "interestExpense": "21000000",
            "nonInterestIncome": "2270000000",
            "otherNonOperatingIncome": "-2000000",
            "depreciation": "None",
            "depreciationAndAmortization": "6000000",
            "incomeBeforeTax": "608000000",
            "incomeTaxExpense": "102000000",
            "interestAndDebtExpense": "30000000",
            "netIncomeFromContinuingOperations": "519000000",
            "comprehensiveIncomeNetOfTax": "476000000",
            "ebit": "629000000",
            "ebitda": "635000000",
            "netIncome": "506000000"
        },
        {
            "fiscalDateEnding": "2021-06-30",
            "reportedCurrency": "USD",
            "grossProfit": "761000000",
            "totalRevenue": "2171000000",
            "costOfRevenue": "1606000000",
            "costofGoodsAndServicesSold": "1437000000",
            "operatingIncome": "567000000",
            "sellingGeneralAndAdministrative": "161000000",
            "researchAndDevelopment": "22000000",
            "operatingExpenses": "191000000",
            "investmentIncomeNet": "41000000",
            "netInterestIncome": "-24000000",
            "interestIncome": "4000000",
            "interestExpense": "24000000",
            "nonInterestIncome": "2195000000",
            "otherNonOperatingIncome": "1000000",
            "depreciation": "None",
            "depreciationAndAmortization": "5000000",
            "incomeBeforeTax": "654000000",
            "incomeTaxExpense": "116000000",
            "interestAndDebtExpense": "24000000",
            "netIncomeFromContinuingOperations": "542000000",
            "comprehensiveIncomeNetOfTax": "542000000",
            "ebit": "678000000",
            "ebitda": "683000000",
            "netIncome": "538000000"
        },
        {
            "fiscalDateEnding": "2021-03-31",
            "reportedCurrency": "USD",
            "grossProfit": "485000000",
            "totalRevenue": "1771000000",
            "costOfRevenue": "1459000000",
            "costofGoodsAndServicesSold": "1313000000",
            "operatingIncome": "326000000",
            "sellingGeneralAndAdministrative": "137000000",
            "researchAndDevelopment": "20000000",
            "operatingExpenses": "171000000",
            "investmentIncomeNet": "43000000",
            "netInterestIncome": "-25000000",
            "interestIncome": "1000000",
            "interestExpense": "25000000",
            "nonInterestIncome": "1796000000",
            "otherNonOperatingIncome": "-2000000",
            "depreciation": "None",
            "depreciationAndAmortization": "6000000",
            "incomeBeforeTax": "407000000",
            "incomeTaxExpense": "85000000",
            "interestAndDebtExpense": "25000000",
            "netIncomeFromContinuingOperations": "323000000",
            "comprehensiveIncomeNetOfTax": "348000000",
            "ebit": "432000000",
            "ebitda": "438000000",
            "netIncome": "322000000"
        },
        {
            "fiscalDateEnding": "2020-12-31",
            "reportedCurrency": "USD",
            "grossProfit": "376000000",
            "totalRevenue": "1602000000",
            "costOfRevenue": "1358000000",
            "costofGoodsAndServicesSold": "1215000000",
            "operatingIncome": "203000000",
            "sellingGeneralAndAdministrative": "137000000",
            "researchAndDevelopment": "20000000",
            "operatingExpenses": "165000000",
            "investmentIncomeNet": "30000000",
            "netInterestIncome": "-26000000",
            "interestIncome": "25000000",
            "interestExpense": "26000000",
            "nonInterestIncome": "1586000000",
            "otherNonOperatingIncome": "1000000",
            "depreciation": "None",
            "depreciationAndAmortization": "23000000",
            "incomeBeforeTax": "1570000000",
            "incomeTaxExpense": "117000000",
            "interestAndDebtExpense": "26000000",
            "netIncomeFromContinuingOperations": "1453000000",
            "comprehensiveIncomeNetOfTax": "1469000000",
            "ebit": "1596000000",
            "ebitda": "1619000000",
            "netIncome": "1453000000"
        },
        {
            "fiscalDateEnding": "2020-09-30",
            "reportedCurrency": "USD",
            "grossProfit": "327000000",
            "totalRevenue": "1381000000",
            "costOfRevenue": "1207000000",
            "costofGoodsAndServicesSold": "1084000000",
            "operatingIncome": "184000000",
            "sellingGeneralAndAdministrative": "106000000",
            "researchAndDevelopment": "19000000",
            "operatingExpenses": "142000000",
            "investmentIncomeNet": "30000000",
            "netInterestIncome": "-28000000",
            "interestIncome": "27000000",
            "interestExpense": "28000000",
            "nonInterestIncome": "1409000000",
            "otherNonOperatingIncome": "2000000",
            "depreciation": "None",
            "depreciationAndAmortization": "6000000",
            "incomeBeforeTax": "237000000",
            "incomeTaxExpense": "30000000",
            "interestAndDebtExpense": "28000000",
            "netIncomeFromContinuingOperations": "209000000",
            "comprehensiveIncomeNetOfTax": "209000000",
            "ebit": "265000000",
            "ebitda": "271000000",
            "netIncome": "207000000"
        },
        {
            "fiscalDateEnding": "2020-06-30",
            "reportedCurrency": "USD",
            "grossProfit": "242000000",
            "totalRevenue": "1166000000",
            "costOfRevenue": "1098000000",
            "costofGoodsAndServicesSold": "951000000",
            "operatingIncome": "83000000",
            "sellingGeneralAndAdministrative": "114000000",
            "researchAndDevelopment": "18000000",
            "operatingExpenses": "165000000",
            "investmentIncomeNet": "33000000",
            "netInterestIncome": "-27000000",
            "interestIncome": "1000000",
            "interestExpense": "27000000",
            "nonInterestIncome": "1193000000",
            "otherNonOperatingIncome": "0",
            "depreciation": "None",
            "depreciationAndAmortization": "6000000",
            "incomeBeforeTax": "142000000",
            "incomeTaxExpense": "35000000",
            "interestAndDebtExpense": "27000000",
            "netIncomeFromContinuingOperations": "110000000",
            "comprehensiveIncomeNetOfTax": "102000000",
            "ebit": "169000000",
            "ebitda": "175000000",
            "netIncome": "107000000"
        },
        {
            "fiscalDateEnding": "2020-03-31",
            "reportedCurrency": "USD",
            "grossProfit": "348000000",
            "totalRevenue": "1431000000",
            "costOfRevenue": "1252000000",
            "costofGoodsAndServicesSold": "1112000000",
            "operatingIncome": "194000000",
            "sellingGeneralAndAdministrative": "125000000",
            "researchAndDevelopment": "17000000",
            "operatingExpenses": "152000000",
            "investmentIncomeNet": "39000000",
            "netInterestIncome": "-28000000",
            "interestIncome": "2000000",
            "interestExpense": "28000000",
            "nonInterestIncome": "1459000000",
            "otherNonOperatingIncome": "2000000",
            "depreciation": "None",
            "depreciationAndAmortization": "5000000",
            "incomeBeforeTax": "283000000",
            "incomeTaxExpense": "65000000",
            "interestAndDebtExpense": "28000000",
            "netIncomeFromContinuingOperations": "225000000",
            "comprehensiveIncomeNetOfTax": "177000000",
            "ebit": "311000000",
            "ebitda": "316000000",
            "netIncome": "218000000"
        },
        {
            "fiscalDateEnding": "2019-12-31",
            "reportedCurrency": "USD",
            "grossProfit": "316000000",
            "totalRevenue": "1507000000",
            "costOfRevenue": "1252000000",
            "costofGoodsAndServicesSold": "1116000000",
            "operatingIncome": "68000000",
            "sellingGeneralAndAdministrative": "125000000",
            "researchAndDevelopment": "17000000",
            "operatingExpenses": "162000000",
            "investmentIncomeNet": "26000000",
            "netInterestIncome": "-28000000",
            "interestIncome": "2000000",
            "interestExpense": "28000000",
            "nonInterestIncome": "1433000000",
            "otherNonOperatingIncome": "-2000000",
            "depreciation": "None",
            "depreciationAndAmortization": "11000000",
            "incomeBeforeTax": "40000000",
            "incomeTaxExpense": "-3000000",
            "interestAndDebtExpense": "28000000",
            "netIncomeFromContinuingOperations": "42000000",
            "comprehensiveIncomeNetOfTax": "49000000",
            "ebit": "68000000",
            "ebitda": "79000000",
            "netIncome": "43000000"
        },
        {
            "fiscalDateEnding": "2019-09-30",
            "reportedCurrency": "USD",
            "grossProfit": "414000000",
            "totalRevenue": "1555000000",
            "costOfRevenue": "1303000000",
            "costofGoodsAndServicesSold": "1172000000",
            "operatingIncome": "260000000",
            "sellingGeneralAndAdministrative": "120000000",
            "researchAndDevelopment": "17000000",
            "operatingExpenses": "151000000",
            "investmentIncomeNet": "28000000",
            "netInterestIncome": "-27000000",
            "interestIncome": "1000000",
            "interestExpense": "27000000",
            "nonInterestIncome": "1582000000",
            "otherNonOperatingIncome": "0",
            "depreciation": "None",
            "depreciationAndAmortization": "11000000",
            "incomeBeforeTax": "316000000",
            "incomeTaxExpense": "53000000",
            "interestAndDebtExpense": "27000000",
            "netIncomeFromContinuingOperations": "268000000",
            "comprehensiveIncomeNetOfTax": "224000000",
            "ebit": "343000000",
            "ebitda": "354000000",
            "netIncome": "263000000"
        },
        {
            "fiscalDateEnding": "2019-06-30",
            "reportedCurrency": "USD",
            "grossProfit": "423000000",
            "totalRevenue": "1561000000",
            "costOfRevenue": "1376000000",
            "costofGoodsAndServicesSold": "1169000000",
            "operatingIncome": "186000000",
            "sellingGeneralAndAdministrative": "118000000",
            "researchAndDevelopment": "17000000",
            "operatingExpenses": "223000000",
            "investmentIncomeNet": "32000000",
            "netInterestIncome": "-29000000",
            "interestIncome": "2000000",
            "interestExpense": "29000000",
            "nonInterestIncome": "1590000000",
            "otherNonOperatingIncome": "-2000000",
            "depreciation": "None",
            "depreciationAndAmortization": "6000000",
            "incomeBeforeTax": "237000000",
            "incomeTaxExpense": "28000000",
            "interestAndDebtExpense": "33000000",
            "netIncomeFromContinuingOperations": "210000000",
            "comprehensiveIncomeNetOfTax": "185000000",
            "ebit": "266000000",
            "ebitda": "272000000",
            "netIncome": "209000000"
        },
        {
            "fiscalDateEnding": "2019-03-31",
            "reportedCurrency": "USD",
            "grossProfit": "453000000",
            "totalRevenue": "1661000000",
            "costOfRevenue": "1360000000",
            "costofGoodsAndServicesSold": "1234000000",
            "operatingIncome": "320000000",
            "sellingGeneralAndAdministrative": "120000000",
            "researchAndDevelopment": "16000000",
            "operatingExpenses": "138000000",
            "investmentIncomeNet": "33000000",
            "netInterestIncome": "-31000000",
            "interestIncome": "1000000",
            "interestExpense": "31000000",
            "nonInterestIncome": "1692000000",
            "otherNonOperatingIncome": "-4000000",
            "depreciation": "None",
            "depreciationAndAmortization": "6000000",
            "incomeBeforeTax": "383000000",
            "incomeTaxExpense": "46000000",
            "interestAndDebtExpense": "31000000",
            "netIncomeFromContinuingOperations": "338000000",
            "comprehensiveIncomeNetOfTax": "341000000",
            "ebit": "414000000",
            "ebitda": "420000000",
            "netIncome": "337000000"
        },
        {
            "fiscalDateEnding": "2018-12-31",
            "reportedCurrency": "USD",
            "grossProfit": "420000000",
            "totalRevenue": "1771000000",
            "costOfRevenue": "1409000000",
            "costofGoodsAndServicesSold": "1269000000",
            "operatingIncome": "259000000",
            "sellingGeneralAndAdministrative": "134000000",
            "researchAndDevelopment": "18000000",
            "operatingExpenses": "160000000",
            "investmentIncomeNet": "27000000",
            "netInterestIncome": "-30000000",
            "interestIncome": "None",
            "interestExpense": "30000000",
            "nonInterestIncome": "1684000000",
            "otherNonOperatingIncome": "5000000",
            "depreciation": "None",
            "depreciationAndAmortization": "6000000",
            "incomeBeforeTax": "175000000",
            "incomeTaxExpense": "76000000",
            "interestAndDebtExpense": "31000000",
            "netIncomeFromContinuingOperations": "96000000",
            "comprehensiveIncomeNetOfTax": "71000000",
            "ebit": "205000000",
            "ebitda": "211000000",
            "netIncome": "99000000"
        },
        {
            "fiscalDateEnding": "2018-09-30",
            "reportedCurrency": "USD",
            "grossProfit": "516000000",
            "totalRevenue": "1739000000",
            "costOfRevenue": "1389000000",
            "costofGoodsAndServicesSold": "1255000000",
            "operatingIncome": "374000000",
            "sellingGeneralAndAdministrative": "129000000",
            "researchAndDevelopment": "18000000",
            "operatingExpenses": "154000000",
            "investmentIncomeNet": "28000000",
            "netInterestIncome": "-30000000",
            "interestIncome": "None",
            "interestExpense": "30000000",
            "nonInterestIncome": "1769000000",
            "otherNonOperatingIncome": "-1000000",
            "depreciation": "None",
            "depreciationAndAmortization": "5000000",
            "incomeBeforeTax": "455000000",
            "incomeTaxExpense": "54000000",
            "interestAndDebtExpense": "30000000",
            "netIncomeFromContinuingOperations": "407000000",
            "comprehensiveIncomeNetOfTax": "370000000",
            "ebit": "485000000",
            "ebitda": "490000000",
            "netIncome": "401000000"
        },
        {
            "fiscalDateEnding": "2018-06-30",
            "reportedCurrency": "USD",
            "grossProfit": "521000000",
            "totalRevenue": "1813000000",
            "costOfRevenue": "1466000000",
            "costofGoodsAndServicesSold": "1323000000",
            "operatingIncome": "358000000",
            "sellingGeneralAndAdministrative": "136000000",
            "researchAndDevelopment": "18000000",
            "operatingExpenses": "163000000",
            "investmentIncomeNet": "34000000",
            "netInterestIncome": "-32000000",
            "interestIncome": "None",
            "interestExpense": "32000000",
            "nonInterestIncome": "1000000",
            "otherNonOperatingIncome": "0",
            "depreciation": "None",
            "depreciationAndAmortization": "7000000",
            "incomeBeforeTax": "441000000",
            "incomeTaxExpense": "97000000",
            "interestAndDebtExpense": "32000000",
            "netIncomeFromContinuingOperations": "344000000",
            "comprehensiveIncomeNetOfTax": "284000000",
            "ebit": "473000000",
            "ebitda": "480000000",
            "netIncome": "344000000"
        }
    ]
}