{
    "symbol": "LIN",
    "annualReports": [
        {
            "fiscalDateEnding": "2022-12-31",
            "reportedCurrency": "USD",
            "grossProfit": "5730000000",
            "totalRevenue": "33283000000",
            "costOfRevenue": "27553000000",
            "costofGoodsAndServicesSold": "19450000000",
            "operatingIncome": "5369000000",
            "sellingGeneralAndAdministrative": "3107000000",
            "researchAndDevelopment": "143000000",
            "operatingExpenses": "8655000000",
            "investmentIncomeNet": "None",
            "netInterestIncome": "-63000000",
            "interestIncome": "152000000",
            "interestExpense": "215000000",
            "nonInterestIncome": "33346000000",
            "otherNonOperatingIncome": "None",
            "depreciation": "3633000000",
            "depreciationAndAmortization": "4204000000",
            "incomeBeforeTax": "5581000000",
            "incomeTaxExpense": "1434000000",
            "interestAndDebtExpense": "215000000",
            "netIncomeFromContinuingOperations": "4147000000",
            "comprehensiveIncomeNetOfTax": "3413000000",
            "ebit": "5369000000",
            "ebitda": "10000000000",
            "netIncome": "4147000000"
        },
        {
            "fiscalDateEnding": "2021-12-31",
            "reportedCurrency": "USD",
            "grossProfit": "5146000000",
            "totalRevenue": "30594000000",
            "costOfRevenue": "25448000000",
            "costofGoodsAndServicesSold": "17543000000",
            "operatingIncome": "4984000000",
            "sellingGeneralAndAdministrative": "3189000000",
            "researchAndDevelopment": "143000000",
            "operatingExpenses": "8400000000",
            "investmentIncomeNet": "None",
            "netInterestIncome": "-77000000",
            "interestIncome": "93000000",
            "interestExpense": "170000000",
            "nonInterestIncome": "30764000000",
            "otherNonOperatingIncome": "119000000",
            "depreciation": "3912000000",
            "depreciationAndAmortization": "4635000000",
            "incomeBeforeTax": "5088000000",
            "incomeTaxExpense": "1262000000",
            "interestAndDebtExpense": "77000000",
            "netIncomeFromContinuingOperations": "3821000000",
            "comprehensiveIncomeNetOfTax": "3468000000",
            "ebit": "4984000000",
            "ebitda": "9893000000",
            "netIncome": "3826000000"
        },
        {
            "fiscalDateEnding": "2020-12-31",
            "reportedCurrency": "USD",
            "grossProfit": "3314000000",
            "totalRevenue": "26960000000",
            "costOfRevenue": "23646000000",
            "costofGoodsAndServicesSold": "15383000000",
            "operatingIncome": "3322000000",
            "sellingGeneralAndAdministrative": "3193000000",
            "researchAndDevelopment": "152000000",
            "operatingExpenses": "8852000000",
            "investmentIncomeNet": "None",
            "netInterestIncome": "-115000000",
            "interestIncome": "140000000",
            "interestExpense": "255000000",
            "nonInterestIncome": "27215000000",
            "otherNonOperatingIncome": "85000000",
            "depreciation": "3861000000",
            "depreciationAndAmortization": "4626000000",
            "incomeBeforeTax": "3348000000",
            "incomeTaxExpense": "847000000",
            "interestAndDebtExpense": "115000000",
            "netIncomeFromContinuingOperations": "2497000000",
            "comprehensiveIncomeNetOfTax": "2625000000",
            "ebit": "3322000000",
            "ebitda": "8229000000",
            "netIncome": "2501000000"
        },
        {
            "fiscalDateEnding": "2019-12-31",
            "reportedCurrency": "USD",
            "grossProfit": "2561000000",
            "totalRevenue": "28135000000",
            "costOfRevenue": "25574000000",
            "costofGoodsAndServicesSold": "16644000000",
            "operatingIncome": "2933000000",
            "sellingGeneralAndAdministrative": "3457000000",
            "researchAndDevelopment": "184000000",
            "operatingExpenses": "9142000000",
            "investmentIncomeNet": "None",
            "netInterestIncome": "-246000000",
            "interestIncome": "134000000",
            "interestExpense": "246000000",
            "nonInterestIncome": "28381000000",
            "otherNonOperatingIncome": "114000000",
            "depreciation": "3940000000",
            "depreciationAndAmortization": "4675000000",
            "incomeBeforeTax": "3054000000",
            "incomeTaxExpense": "769000000",
            "interestAndDebtExpense": "38000000",
            "netIncomeFromContinuingOperations": "2183000000",
            "comprehensiveIncomeNetOfTax": "1927000000",
            "ebit": "2933000000",
            "ebitda": "7975000000",
            "netIncome": "2285000000"
        },
        {
            "fiscalDateEnding": "2018-12-31",
            "reportedCurrency": "USD",
            "grossProfit": "14534000000",
            "totalRevenue": "17996000000",
            "costOfRevenue": "3462000000",
            "costofGoodsAndServicesSold": "9020000000",
            "operatingIncome": "5247000000",
            "sellingGeneralAndAdministrative": "1629000000",
            "researchAndDevelopment": "113000000",
            "operatingExpenses": "304000000",
            "investmentIncomeNet": "None",
            "netInterestIncome": "-202000000",
            "interestIncome": "222000000",
            "interestExpense": "202000000",
            "nonInterestIncome": "18198000000",
            "otherNonOperatingIncome": "56000000",
            "depreciation": "1615000000",
            "depreciationAndAmortization": "1830000000",
            "incomeBeforeTax": "5198000000",
            "incomeTaxExpense": "817000000",
            "interestAndDebtExpense": "202000000",
            "netIncomeFromContinuingOperations": "4273000000",
            "comprehensiveIncomeNetOfTax": "4023000000",
            "ebit": "5247000000",
            "ebitda": "7230000000",
            "netIncome": "4381000000"
        }
    ],
    "quarterlyReports": [
        {
            "fiscalDateEnding": "2022-12-31",
            "reportedCurrency": "USD",
            "grossProfit": "1742000000",
            "totalRevenue": "7850000000",
            "costOfRevenue": "6108000000",
            "costofGoodsAndServicesSold": "4427000000",
            "operatingIncome": "1687000000",
            "sellingGeneralAndAdministrative": "764000000",
            "researchAndDevelopment": "36000000",
            "operatingExpenses": "1835000000",
            "investmentIncomeNet": "None",
            "netInterestIncome": "-31000000",
            "interestIncome": "31000000",
            "interestExpense": "183000000",
            "nonInterestIncome": "7881000000",
            "otherNonOperatingIncome": "None",
            "depreciation": "None",
            "depreciationAndAmortization": "956000000",
            "incomeBeforeTax": "1716000000",
            "incomeTaxExpense": "388000000",
            "interestAndDebtExpense": "None",
            "netIncomeFromContinuingOperations": "1328000000",
            "comprehensiveIncomeNetOfTax": "3638000000",
            "ebit": "1687000000",
            "ebitda": "2643000000",
            "netIncome": "1328000000"
        },
        {
            "fiscalDateEnding": "2022-09-30",
            "reportedCurrency": "USD",
            "grossProfit": "1711000000",
            "totalRevenue": "8779000000",
            "costOfRevenue": "7068000000",
            "costofGoodsAndServicesSold": "5285000000",
            "operatingIncome": "1613000000",
            "sellingGeneralAndAdministrative": "770000000",
            "researchAndDevelopment": "35000000",
            "operatingExpenses": "1871000000",
            "investmentIncomeNet": "None",
            "netInterestIncome": "-18000000",
            "interestIncome": "18000000",
            "interestExpense": "18000000",
            "nonInterestIncome": "8797000000",
            "otherNonOperatingIncome": "43000000",
            "depreciation": "None",
            "depreciationAndAmortization": "1045000000",
            "incomeBeforeTax": "1664000000",
            "incomeTaxExpense": "391000000",
            "interestAndDebtExpense": "None",
            "netIncomeFromContinuingOperations": "1273000000",
            "comprehensiveIncomeNetOfTax": "-353000000",
            "ebit": "1613000000",
            "ebitda": "2658000000",
            "netIncome": "1273000000"
        },
        {
            "fiscalDateEnding": "2022-06-30",
            "reportedCurrency": "USD",
            "grossProfit": "719000000",
            "totalRevenue": "8452000000",
            "costOfRevenue": "7733000000",
            "costofGoodsAndServicesSold": "4940000000",
            "operatingIncome": "589000000",
            "sellingGeneralAndAdministrative": "771000000",
            "researchAndDevelopment": "37000000",
            "operatingExpenses": "2892000000",
            "investmentIncomeNet": "None",
            "netInterestIncome": "-5000000",
            "interestIncome": "5000000",
            "interestExpense": "5000000",
            "nonInterestIncome": "8457000000",
            "otherNonOperatingIncome": "50000000",
            "depreciation": "None",
            "depreciationAndAmortization": "1091000000",
            "incomeBeforeTax": "658000000",
            "incomeTaxExpense": "286000000",
            "interestAndDebtExpense": "None",
            "netIncomeFromContinuingOperations": "372000000",
            "comprehensiveIncomeNetOfTax": "-1156000000",
            "ebit": "589000000",
            "ebitda": "1680000000",
            "netIncome": "372000000"
        },
        {
            "fiscalDateEnding": "2022-03-31",
            "reportedCurrency": "USD",
            "grossProfit": "1567000000",
            "totalRevenue": "8211000000",
            "costOfRevenue": "6644000000",
            "costofGoodsAndServicesSold": "4798000000",
            "operatingIncome": "1480000000",
            "sellingGeneralAndAdministrative": "802000000",
            "researchAndDevelopment": "35000000",
            "operatingExpenses": "1980000000",
            "investmentIncomeNet": "None",
            "netInterestIncome": "-9000000",
            "interestIncome": "9000000",
            "interestExpense": "9000000",
            "nonInterestIncome": "8211000000",
            "otherNonOperatingIncome": "44000000",
            "depreciation": "None",
            "depreciationAndAmortization": "1112000000",
            "incomeBeforeTax": "1543000000",
            "incomeTaxExpense": "369000000",
            "interestAndDebtExpense": "9000000",
            "netIncomeFromContinuingOperations": "1174000000",
            "comprehensiveIncomeNetOfTax": "1284000000",
            "ebit": "1480000000",
            "ebitda": "2592000000",
            "netIncome": "1174000000"
        },
        {
            "fiscalDateEnding": "2021-12-31",
            "reportedCurrency": "USD",
            "grossProfit": "1294000000",
            "totalRevenue": "8145000000",
            "costOfRevenue": "6851000000",
            "costofGoodsAndServicesSold": "4927000000",
            "operatingIncome": "1337000000",
            "sellingGeneralAndAdministrative": "787000000",
            "researchAndDevelopment": "38000000",
            "operatingExpenses": "2070000000",
            "investmentIncomeNet": "None",
            "netInterestIncome": "-31000000",
            "interestIncome": "31000000",
            "interestExpense": "124000000",
            "nonInterestIncome": "8269000000",
            "otherNonOperatingIncome": "38000000",
            "depreciation": "None",
            "depreciationAndAmortization": "1135000000",
            "incomeBeforeTax": "1365000000",
            "incomeTaxExpense": "339000000",
            "interestAndDebtExpense": "None",
            "netIncomeFromContinuingOperations": "1024000000",
            "comprehensiveIncomeNetOfTax": "1596000000",
            "ebit": "1337000000",
            "ebitda": "2472000000",
            "netIncome": "1026000000"
        },
        {
            "fiscalDateEnding": "2021-09-30",
            "reportedCurrency": "USD",
            "grossProfit": "2514000000",
            "totalRevenue": "7660000000",
            "costOfRevenue": "5146000000",
            "costofGoodsAndServicesSold": "4368000000",
            "operatingIncome": "1292000000",
            "sellingGeneralAndAdministrative": "793000000",
            "researchAndDevelopment": "36000000",
            "operatingExpenses": "859000000",
            "investmentIncomeNet": "None",
            "netInterestIncome": "-8000000",
            "interestIncome": "8000000",
            "interestExpense": "8000000",
            "nonInterestIncome": "7668000000",
            "otherNonOperatingIncome": "1000000",
            "depreciation": "None",
            "depreciationAndAmortization": "1163000000",
            "incomeBeforeTax": "1300000000",
            "incomeTaxExpense": "321000000",
            "interestAndDebtExpense": "None",
            "netIncomeFromContinuingOperations": "978000000",
            "comprehensiveIncomeNetOfTax": "269000000",
            "ebit": "1292000000",
            "ebitda": "2455000000",
            "netIncome": "979000000"
        },
        {
            "fiscalDateEnding": "2021-06-30",
            "reportedCurrency": "USD",
            "grossProfit": "2395000000",
            "totalRevenue": "7566000000",
            "costOfRevenue": "5171000000",
            "costofGoodsAndServicesSold": "4194000000",
            "operatingIncome": "1142000000",
            "sellingGeneralAndAdministrative": "822000000",
            "researchAndDevelopment": "34000000",
            "operatingExpenses": "1060000000",
            "investmentIncomeNet": "None",
            "netInterestIncome": "-18000000",
            "interestIncome": "18000000",
            "interestExpense": "18000000",
            "nonInterestIncome": "7584000000",
            "otherNonOperatingIncome": "37000000",
            "depreciation": "None",
            "depreciationAndAmortization": "1171000000",
            "incomeBeforeTax": "1175000000",
            "incomeTaxExpense": "334000000",
            "interestAndDebtExpense": "None",
            "netIncomeFromContinuingOperations": "840000000",
            "comprehensiveIncomeNetOfTax": "1278000000",
            "ebit": "1142000000",
            "ebitda": "2313000000",
            "netIncome": "841000000"
        },
        {
            "fiscalDateEnding": "2021-03-31",
            "reportedCurrency": "USD",
            "grossProfit": "1273000000",
            "totalRevenue": "7223000000",
            "costOfRevenue": "5950000000",
            "costofGoodsAndServicesSold": "4054000000",
            "operatingIncome": "1213000000",
            "sellingGeneralAndAdministrative": "787000000",
            "researchAndDevelopment": "35000000",
            "operatingExpenses": "2019000000",
            "investmentIncomeNet": "None",
            "netInterestIncome": "-20000000",
            "interestIncome": "20000000",
            "interestExpense": "20000000",
            "nonInterestIncome": "7243000000",
            "otherNonOperatingIncome": "43000000",
            "depreciation": "None",
            "depreciationAndAmortization": "1166000000",
            "incomeBeforeTax": "1248000000",
            "incomeTaxExpense": "268000000",
            "interestAndDebtExpense": "20000000",
            "netIncomeFromContinuingOperations": "979000000",
            "comprehensiveIncomeNetOfTax": "325000000",
            "ebit": "1213000000",
            "ebitda": "2379000000",
            "netIncome": "980000000"
        },
        {
            "fiscalDateEnding": "2020-12-31",
            "reportedCurrency": "USD",
            "grossProfit": "842000000",
            "totalRevenue": "7069000000",
            "costOfRevenue": "6227000000",
            "costofGoodsAndServicesSold": "4086000000",
            "operatingIncome": "1029000000",
            "sellingGeneralAndAdministrative": "802000000",
            "researchAndDevelopment": "38000000",
            "operatingExpenses": "2349000000",
            "investmentIncomeNet": "None",
            "netInterestIncome": "-35000000",
            "interestIncome": "35000000",
            "interestExpense": "175000000",
            "nonInterestIncome": "7244000000",
            "otherNonOperatingIncome": "16000000",
            "depreciation": "None",
            "depreciationAndAmortization": "1192000000",
            "incomeBeforeTax": "1023000000",
            "incomeTaxExpense": "253000000",
            "interestAndDebtExpense": "None",
            "netIncomeFromContinuingOperations": "769000000",
            "comprehensiveIncomeNetOfTax": "2053000000",
            "ebit": "1029000000",
            "ebitda": "2221000000",
            "netIncome": "770000000"
        },
        {
            "fiscalDateEnding": "2020-09-30",
            "reportedCurrency": "USD",
            "grossProfit": "2205000000",
            "totalRevenue": "6817000000",
            "costOfRevenue": "4612000000",
            "costofGoodsAndServicesSold": "3835000000",
            "operatingIncome": "969000000",
            "sellingGeneralAndAdministrative": "770000000",
            "researchAndDevelopment": "36000000",
            "operatingExpenses": "854000000",
            "investmentIncomeNet": "None",
            "netInterestIncome": "-38000000",
            "interestIncome": "38000000",
            "interestExpense": "38000000",
            "nonInterestIncome": "6855000000",
            "otherNonOperatingIncome": "23000000",
            "depreciation": "None",
            "depreciationAndAmortization": "1168000000",
            "incomeBeforeTax": "965000000",
            "incomeTaxExpense": "265000000",
            "interestAndDebtExpense": "None",
            "netIncomeFromContinuingOperations": "699000000",
            "comprehensiveIncomeNetOfTax": "1348000000",
            "ebit": "969000000",
            "ebitda": "2137000000",
            "netIncome": "700000000"
        },
        {
            "fiscalDateEnding": "2020-06-30",
            "reportedCurrency": "USD",
            "grossProfit": "1794000000",
            "totalRevenue": "6377000000",
            "costOfRevenue": "4583000000",
            "costofGoodsAndServicesSold": "3619000000",
            "operatingIncome": "591000000",
            "sellingGeneralAndAdministrative": "760000000",
            "researchAndDevelopment": "34000000",
            "operatingExpenses": "1043000000",
            "investmentIncomeNet": "None",
            "netInterestIncome": "-18000000",
            "interestIncome": "18000000",
            "interestExpense": "18000000",
            "nonInterestIncome": "6377000000",
            "otherNonOperatingIncome": "29000000",
            "depreciation": "None",
            "depreciationAndAmortization": "1124000000",
            "incomeBeforeTax": "622000000",
            "incomeTaxExpense": "164000000",
            "interestAndDebtExpense": "18000000",
            "netIncomeFromContinuingOperations": "458000000",
            "comprehensiveIncomeNetOfTax": "1225000000",
            "ebit": "591000000",
            "ebitda": "1715000000",
            "netIncome": "458000000"
        },
        {
            "fiscalDateEnding": "2020-03-31",
            "reportedCurrency": "USD",
            "grossProfit": "807000000",
            "totalRevenue": "6739000000",
            "costOfRevenue": "5932000000",
            "costofGoodsAndServicesSold": "3843000000",
            "operatingIncome": "733000000",
            "sellingGeneralAndAdministrative": "861000000",
            "researchAndDevelopment": "44000000",
            "operatingExpenses": "2224000000",
            "investmentIncomeNet": "None",
            "netInterestIncome": "-24000000",
            "interestIncome": "24000000",
            "interestExpense": "24000000",
            "nonInterestIncome": "6739000000",
            "otherNonOperatingIncome": "17000000",
            "depreciation": "None",
            "depreciationAndAmortization": "1142000000",
            "incomeBeforeTax": "738000000",
            "incomeTaxExpense": "165000000",
            "interestAndDebtExpense": "24000000",
            "netIncomeFromContinuingOperations": "571000000",
            "comprehensiveIncomeNetOfTax": "-2001000000",
            "ebit": "733000000",
            "ebitda": "1875000000",
            "netIncome": "573000000"
        },
        {
            "fiscalDateEnding": "2019-12-31",
            "reportedCurrency": "USD",
            "grossProfit": "1725000000",
            "totalRevenue": "7080000000",
            "costOfRevenue": "5355000000",
            "costofGoodsAndServicesSold": "4187000000",
            "operatingIncome": "655000000",
            "sellingGeneralAndAdministrative": "844000000",
            "researchAndDevelopment": "49000000",
            "operatingExpenses": "1168000000",
            "investmentIncomeNet": "None",
            "netInterestIncome": "-216000000",
            "interestIncome": "8000000",
            "interestExpense": "216000000",
            "nonInterestIncome": "7080000000",
            "otherNonOperatingIncome": "None",
            "depreciation": "None",
            "depreciationAndAmortization": "1162000000",
            "incomeBeforeTax": "673000000",
            "incomeTaxExpense": "162000000",
            "interestAndDebtExpense": "8000000",
            "netIncomeFromContinuingOperations": "507000000",
            "comprehensiveIncomeNetOfTax": "1297000000",
            "ebit": "655000000",
            "ebitda": "1817000000",
            "netIncome": "511000000"
        },
        {
            "fiscalDateEnding": "2019-09-30",
            "reportedCurrency": "USD",
            "grossProfit": "1961000000",
            "totalRevenue": "7164000000",
            "costOfRevenue": "5203000000",
            "costofGoodsAndServicesSold": "4061000000",
            "operatingIncome": "1000000000",
            "sellingGeneralAndAdministrative": "850000000",
            "researchAndDevelopment": "44000000",
            "operatingExpenses": "1020000000",
            "investmentIncomeNet": "None",
            "netInterestIncome": "3000000",
            "interestIncome": "3000000",
            "interestExpense": "3000000",
            "nonInterestIncome": "7164000000",
            "otherNonOperatingIncome": "28000000",
            "depreciation": "None",
            "depreciationAndAmortization": "1095000000",
            "incomeBeforeTax": "1033000000",
            "incomeTaxExpense": "298000000",
            "interestAndDebtExpense": "-3000000",
            "netIncomeFromContinuingOperations": "728000000",
            "comprehensiveIncomeNetOfTax": "-488000000",
            "ebit": "1000000000",
            "ebitda": "2095000000",
            "netIncome": "735000000"
        },
        {
            "fiscalDateEnding": "2019-06-30",
            "reportedCurrency": "USD",
            "grossProfit": "1858000000",
            "totalRevenue": "7204000000",
            "costOfRevenue": "5346000000",
            "costofGoodsAndServicesSold": "4280000000",
            "operatingIncome": "669000000",
            "sellingGeneralAndAdministrative": "884000000",
            "researchAndDevelopment": "45000000",
            "operatingExpenses": "1135000000",
            "investmentIncomeNet": "None",
            "netInterestIncome": "-10000000",
            "interestIncome": "10000000",
            "interestExpense": "10000000",
            "nonInterestIncome": "7204000000",
            "otherNonOperatingIncome": "28000000",
            "depreciation": "None",
            "depreciationAndAmortization": "1195000000",
            "incomeBeforeTax": "691000000",
            "incomeTaxExpense": "169000000",
            "interestAndDebtExpense": "10000000",
            "netIncomeFromContinuingOperations": "513000000",
            "comprehensiveIncomeNetOfTax": "380000000",
            "ebit": "669000000",
            "ebitda": "1864000000",
            "netIncome": "522000000"
        },
        {
            "fiscalDateEnding": "2019-03-31",
            "reportedCurrency": "USD",
            "grossProfit": "4827000000",
            "totalRevenue": "6944000000",
            "costOfRevenue": "2117000000",
            "costofGoodsAndServicesSold": "4116000000",
            "operatingIncome": "609000000",
            "sellingGeneralAndAdministrative": "879000000",
            "researchAndDevelopment": "46000000",
            "operatingExpenses": "2148000000",
            "investmentIncomeNet": "None",
            "netInterestIncome": "-23000000",
            "interestIncome": "23000000",
            "interestExpense": "23000000",
            "nonInterestIncome": "6944000000",
            "otherNonOperatingIncome": "34000000",
            "depreciation": "None",
            "depreciationAndAmortization": "1223000000",
            "incomeBeforeTax": "657000000",
            "incomeTaxExpense": "140000000",
            "interestAndDebtExpense": "23000000",
            "netIncomeFromContinuingOperations": "435000000",
            "comprehensiveIncomeNetOfTax": "738000000",
            "ebit": "609000000",
            "ebitda": "1832000000",
            "netIncome": "517000000"
        },
        {
            "fiscalDateEnding": "2018-12-31",
            "reportedCurrency": "USD",
            "grossProfit": "4914000000",
            "totalRevenue": "5816000000",
            "costOfRevenue": "902000000",
            "costofGoodsAndServicesSold": "3955000000",
            "operatingIncome": "3236000000",
            "sellingGeneralAndAdministrative": "718000000",
            "researchAndDevelopment": "42000000",
            "operatingExpenses": "902000000",
            "investmentIncomeNet": "None",
            "netInterestIncome": "None",
            "interestIncome": "None",
            "interestExpense": "72000000",
            "nonInterestIncome": "5816000000",
            "otherNonOperatingIncome": "None",
            "depreciation": "None",
            "depreciationAndAmortization": "902000000",
            "incomeBeforeTax": "3333000000",
            "incomeTaxExpense": "355000000",
            "interestAndDebtExpense": "72000000",
            "netIncomeFromContinuingOperations": "2870000000",
            "comprehensiveIncomeNetOfTax": "3178000000",
            "ebit": "3236000000",
            "ebitda": "4138000000",
            "netIncome": "2978000000"
        },
        {
            "fiscalDateEnding": "2018-09-30",
            "reportedCurrency": "USD",
            "grossProfit": "2718000000",
            "totalRevenue": "3024000000",
            "costOfRevenue": "306000000",
            "costofGoodsAndServicesSold": "1698000000",
            "operatingIncome": "669000000",
            "sellingGeneralAndAdministrative": "294000000",
            "researchAndDevelopment": "23000000",
            "operatingExpenses": "306000000",
            "investmentIncomeNet": "None",
            "netInterestIncome": "None",
            "interestIncome": "None",
            "interestExpense": "40000000",
            "nonInterestIncome": "3024000000",
            "otherNonOperatingIncome": "None",
            "depreciation": "None",
            "depreciationAndAmortization": "306000000",
            "incomeBeforeTax": "617000000",
            "incomeTaxExpense": "156000000",
            "interestAndDebtExpense": "40000000",
            "netIncomeFromContinuingOperations": "461000000",
            "comprehensiveIncomeNetOfTax": "401000000",
            "ebit": "669000000",
            "ebitda": "975000000",
            "netIncome": "461000000"
        },
        {
            "fiscalDateEnding": "2018-06-30",
            "reportedCurrency": "USD",
            "grossProfit": "2750000000",
            "totalRevenue": "3061000000",
            "costOfRevenue": "311000000",
            "costofGoodsAndServicesSold": "1706000000",
            "operatingIncome": "689000000",
            "sellingGeneralAndAdministrative": "307000000",
            "researchAndDevelopment": "24000000",
            "operatingExpenses": "311000000",
            "investmentIncomeNet": "None",
            "netInterestIncome": "None",
            "interestIncome": "None",
            "interestExpense": "44000000",
            "nonInterestIncome": "3061000000",
            "otherNonOperatingIncome": "None",
            "depreciation": "None",
            "depreciationAndAmortization": "311000000",
            "incomeBeforeTax": "638000000",
            "incomeTaxExpense": "158000000",
            "interestAndDebtExpense": "44000000",
            "netIncomeFromContinuingOperations": "480000000",
            "comprehensiveIncomeNetOfTax": "-136000000",
            "ebit": "689000000",
            "ebitda": "1000000000",
            "netIncome": "480000000"
        },
        {
            "fiscalDateEnding": "2018-03-31",
            "reportedCurrency": "USD",
            "grossProfit": "2688000000",
            "totalRevenue": "2999000000",
            "costOfRevenue": "311000000",
            "costofGoodsAndServicesSold": "1661000000",
            "operatingIncome": "653000000",
            "sellingGeneralAndAdministrative": "310000000",
            "researchAndDevelopment": "24000000",
            "operatingExpenses": "311000000",
            "investmentIncomeNet": "None",
            "netInterestIncome": "None",
            "interestIncome": "None",
            "interestExpense": "46000000",
            "nonInterestIncome": "2999000000",
            "otherNonOperatingIncome": "None",
            "depreciation": "None",
            "depreciationAndAmortization": "311000000",
            "incomeBeforeTax": "610000000",
            "incomeTaxExpense": "148000000",
            "interestAndDebtExpense": "46000000",
            "netIncomeFromContinuingOperations": "462000000",
            "comprehensiveIncomeNetOfTax": "580000000",
            "ebit": "653000000",
            "ebitda": "964000000",
            "netIncome": "462000000"
        }
    ]
}